[gd_scene load_steps=3 format=2]

[ext_resource path="res://scenes/Field/BattleField.gd" type="Script" id=1]
[ext_resource path="res://scenes/Field/Fiield.tscn" type="PackedScene" id=2]

[node name="PlayerField" type="HBoxContainer"]
margin_top = 8.0
margin_right = 608.0
margin_bottom = 258.0
size_flags_horizontal = 3

[node name="Graveyard" type="Control" parent="."]
margin_right = 200.0
margin_bottom = 250.0
rect_min_size = Vector2( 200, 250 )

[node name="ColorRect" type="ColorRect" parent="Graveyard"]
anchor_right = 1.0
anchor_bottom = 1.0
color = Color( 0, 0, 0, 1 )

[node name="HSeparator" type="HSeparator" parent="."]
margin_left = 204.0
margin_right = 207.0
margin_bottom = 250.0
size_flags_horizontal = 3

[node name="Battlefield" type="HBoxContainer" parent="."]
margin_left = 211.0
margin_right = 1291.0
margin_bottom = 250.0
custom_constants/separation = 20
script = ExtResource( 1 )

[node name="Fiield" parent="Battlefield" instance=ExtResource( 2 )]

[node name="Fiield2" parent="Battlefield" instance=ExtResource( 2 )]
margin_left = 220.0
margin_right = 420.0

[node name="Fiield3" parent="Battlefield" instance=ExtResource( 2 )]
margin_left = 440.0
margin_right = 640.0

[node name="Fiield4" parent="Battlefield" instance=ExtResource( 2 )]
margin_left = 660.0
margin_right = 860.0

[node name="Fiield5" parent="Battlefield" instance=ExtResource( 2 )]
margin_left = 880.0
margin_right = 1080.0

[node name="HSeparator2" type="HSeparator" parent="."]
margin_left = 1295.0
margin_right = 1298.0
margin_bottom = 250.0
size_flags_horizontal = 3

[node name="Deck" type="Control" parent="."]
margin_left = 1302.0
margin_right = 1502.0
margin_bottom = 250.0
rect_min_size = Vector2( 200, 250 )

[node name="ColorRect" type="ColorRect" parent="Deck"]
anchor_right = 1.0
anchor_bottom = 1.0
color = Color( 0.72549, 0.560784, 0, 1 )
